\begin{filecontents}
@article{nguyen1988equilibrium,
  title={Equilibrium traffic assignment for large scale transit networks},
  author={Nguyen, Sang and Pallottino, Stefano},
  journal={European journal of operational research},
  volume={37},
  number={2},
  pages={176--186},
  year={1988},
  publisher={Elsevier}
}

@article{prato2009route,
  title={Route choice modeling: past, present and future research directions},
  author={Prato, Carlo Giacomo},
  journal={Journal of choice modelling},
  volume={2},
  number={1},
  pages={65--100},
  year={2009},
  publisher={Elsevier}
}

@inproceedings{cascetta1996modified,
  title={A modified logit route choice model overcoming path overlapping problems. Specification and some calibration results for interurban networks},
  author={Cascetta, Ennio and Nuzzolo, Agostino and Russo, Francesco and Vitetta, Antonino},
  booktitle={TRANSPORTATION AND TRAFFIC THEORY. PROCEEDINGS OF THE 13TH INTERNATIONAL SYMPOSIUM ON TRANSPORTATION AND TRAFFIC THEORY, LYON, FRANCE, 24-26 JULY 1996},
  year={1996}
}

@article{prato2007modeling,
  title={Modeling route choice behavior: how relevant is the composition of choice set?},
  author={Prato, Carlo and Bekhor, Shlomo},
  journal={Transportation Research Record: Journal of the Transportation Research Board},
  number={2003},
  pages={64--73},
  year={2007},
  publisher={Transportation Research Board of the National Academies}
}

@article{ben1999discrete,
  title={Discrete choice methods and their applications to short term travel decisions},
  author={Ben-Akiva, Moshe and Bierlaire, Michel},
  journal={Handbook of transportation science},
  volume={23},
  pages={5--33},
  year={1999},
  publisher={Kluwer Norwell, MA}
}

@article{prashker1998investigation,
  title={Investigation of stochastic network loading procedures},
  author={Prashker, J and Bekhor, Shlomo},
  journal={Transportation Research Record: Journal of the Transportation Research Board},
  number={1645},
  pages={94--102},
  year={1998},
  publisher={Transportation Research Board of the National Academies}
}

@article{kim2017route,
  title={Route choice stickiness of public transport passengers: Measuring habitual bus ridership behaviour using smart card data},
  author={Kim, Jiwon and Corcoran, Jonathan and Papamanolis, Marty},
  journal={Transportation Research Part C: Emerging Technologies},
  volume={83},
  pages={146--164},
  year={2017},
  publisher={Elsevier}
}

@article{kurauchi2014variability,
  title={Variability of commuters’ bus line choice: an analysis of oyster card data},
  author={Kurauchi, Fumitaka and Schm{\"o}cker, Jan-Dirk and Shimamoto, Hiroshi and Hassan, Seham M},
  journal={Public Transport},
  volume={6},
  number={1-2},
  pages={21--34},
  year={2014},
  publisher={Springer}
}

@article{li2018smart,
  title={Smart Card Data Mining of Public Transport Destination: A Literature Review},
  author={Li, Tian and Sun, Dazhi and Jing, Peng and Yang, Kaixi},
  journal={Information},
  volume={9},
  number={1},
  pages={18},
  year={2018},
  publisher={Multidisciplinary Digital Publishing Institute}
}

@article{trepanier2006destination,
  title={Destination estimation from public transport smartcard data},
  author={Trepanier, Martin and Chapleau, Robert},
  journal={IFAC Proceedings Volumes},
  volume={39},
  number={3},
  pages={393--398},
  year={2006},
  publisher={Elsevier}
}

@article{pelletier2011smart,
  title={Smart card data use in public transit: A literature review},
  author={Pelletier, Marie-Pier and Tr{\'e}panier, Martin and Morency, Catherine},
  journal={Transportation Research Part C: Emerging Technologies},
  volume={19},
  number={4},
  pages={557--568},
  year={2011},
  publisher={Elsevier}
}

@article{bagchi2005potential,
  title={The potential of public transport smart card data},
  author={Bagchi, Mousumi and White, Peter R},
  journal={Transport Policy},
  volume={12},
  number={5},
  pages={464--474},
  year={2005},
  publisher={Elsevier}
}

@article{alsger2015use,
  title={Use of smart card fare data to estimate public transport origin--destination matrix},
  author={Alsger, Azalden A and Mesbah, Mahmoud and Ferreira, Luis and Safi, Hamid},
  journal={Transportation Research Record: Journal of the Transportation Research Board},
  number={2535},
  pages={88--96},
  year={2015},
  publisher={Transportation Research Board of the National Academies}
}

@article{seaborn2009analyzing,
  title={Analyzing multimodal public transport journeys in London with smart card fare payment data},
  author={Seaborn, Catherine and Attanucci, John and Wilson, Nigel},
  journal={Transportation Research Record: Journal of the Transportation Research Board},
  number={2121},
  pages={55--62},
  year={2009},
  publisher={Transportation Research Board of the National Academies}
}

@article{devillaine2012detection,
  title={Detection of activities of public transport users by analyzing smart card data},
  author={Devillaine, Flavio and Munizaga, Marcela and Tr{\'e}panier, Martin},
  journal={Transportation Research Record: Journal of the Transportation Research Board},
  number={2276},
  pages={48--55},
  year={2012},
  publisher={Transportation Research Board of the National Academies}
}

@article{nassir2015activity,
  title={Activity detection and transfer identification for public transit fare card data},
  author={Nassir, Neema and Hickman, Mark and Ma, Zhen-Liang},
  journal={Transportation},
  volume={42},
  number={4},
  pages={683--705},
  year={2015},
  publisher={Springer}
}

@article{gordon2013automated,
  title={Automated inference of linked transit journeys in London using fare-transaction and vehicle location data},
  author={Gordon, Jason and Koutsopoulos, Harilaos and Wilson, Nigel and Attanucci, John},
  journal={Transportation Research Record: Journal of the Transportation Research Board},
  number={2343},
  pages={17--24},
  year={2013},
  publisher={Transportation Research Board of the National Academies}
}

@article{kusakabe2010estimation,
  title={Estimation method for railway passengers’ train choice behavior with smart card transaction data},
  author={Kusakabe, Takahiko and Iryo, Takamasa and Asakura, Yasuo},
  journal={Transportation},
  volume={37},
  number={5},
  pages={731--749},
  year={2010},
  publisher={Springer}
}

@article{van2015deduction,
  title={Deduction of passengers' route choices from smart card data},
  author={Van Der Hurk, Evelien and Kroon, Leo and Mar{\'o}ti, G{\'a}bor and Vervest, Peter},
  journal={IEEE Transactions on Intelligent Transportation Systems},
  volume={16},
  number={1},
  pages={430--440},
  year={2015},
  publisher={IEEE}
}


@article{catalina,
  title={Assessing the public transport travel behavior consistency from smart card data},
  author={Espinoza, Catalina and  Munizaga, Marcela  and  Bustos, Benjam{\'i}n and Tr{\'e}panier, Martín},
  journal={Working paper},
  volume={},
  number={},
  pages={},
  year={2017},
  publisher={}
}

@article{ma2017understanding,
  title={Understanding commuting patterns using transit smart card data},
  author={Ma, Xiaolei and Liu, Congcong and Wen, Huimin and Wang, Yunpeng and Wu, Yao-Jan},
  journal={Journal of Transport Geography},
  volume={58},
  pages={135--145},
  year={2017},
  publisher={Elsevier}
}

@article{kusakabe2014behavioural,
  title={Behavioural data mining of transit smart card data: A data fusion approach},
  author={Kusakabe, Takahiko and Asakura, Yasuo},
  journal={Transportation Research Part C: Emerging Technologies},
  volume={46},
  pages={179--191},
  year={2014},
  publisher={Elsevier}
}

@article{asakura2012estimation,
  title={Estimation of behavioural change of railway passengers using smart card data},
  author={Asakura, Yasuo and Iryo, Takamasa and Nakajima, Yoshiki and Kusakabe, Takahiko},
  journal={Public Transport},
  volume={4},
  number={1},
  pages={1--16},
  year={2012},
  publisher={Springer}
}

@article{morency2007measuring,
  title={Measuring transit use variability with smart-card data},
  author={Morency, Catherine and Tr{\'e}panier, Martin and Agard, Bruno},
  journal={Transport Policy},
  volume={14},
  number={3},
  pages={193--203},
  year={2007},
  publisher={Elsevier}
}

@article{tao2014examining,
  title={Examining the spatial--temporal dynamics of bus passenger travel behaviour using smart card data and the flow-comap},
  author={Tao, Sui and Rohde, David and Corcoran, Jonathan},
  journal={Journal of Transport Geography},
  volume={41},
  pages={21--36},
  year={2014},
  publisher={Elsevier}
}

@article{zhao2017estimation,
  title={Estimation of passenger route choice pattern using smart card data for complex metro systems},
  author={Zhao, Juanjuan and Zhang, Fan and Tu, Lai and Xu, Chengzhong and Shen, Dayong and Tian, Chen and Li, Xiang-Yang and Li, Zhengxi},
  journal={IEEE Transactions on Intelligent Transportation Systems},
  volume={18},
  number={4},
  pages={790--801},
  year={2017},
  publisher={IEEE}
}

@article{hassan2016modeling,
  title={Modeling Transit Users Stop Choice Behavior: Do Travelers Strategize?},
  author={Hassan, Mohammad Nurul and Rashidi, Taha Hossein and Waller, S Travis and Nassir, Neema and Hickman, Mark},
  journal={Journal of Public Transportation},
  volume={19},
  number={3},
  pages={6},
  year={2016}
}

@inproceedings{nassir2015modeling,
  title={Modeling transit access stop choices},
  author={Nassir, Neema and Hickman, Mark and Malekzadeh, Ali and Irannezhad, Elnaz},
  booktitle={Transportation Research Board 94th Annual Meeting},
  number={15-3775},
  year={2015}
}

@article{nassir2017statistical,
  title={Statistical inference of transit passenger boarding strategies from Farecard Data},
  author={Nassir, Neema and Hickman, Mark and Ma, Zhenliang},
  journal={Transportation Research Record: Journal of the Transportation Research Board},
  number={2652},
  pages={8--18},
  year={2017},
  publisher={Transportation Research Board of the National Academies}
}

@article{schmocker2013generation,
  title={Generation and calibration of transit hyperpaths},
  author={Schm{\"o}cker, Jan-Dirk and Shimamoto, Hiroshi and Kurauchi, Fumitaka},
  journal={Transportation Research Part C: Emerging Technologies},
  volume={36},
  pages={406--418},
  year={2013},
  publisher={Elsevier}
}

@article{huili2007od,
  title={OD matrix estimation method of public transportation flow based on passenger boarding and alighting},
  author={Huili, Dou and Haode, Liu and Xiaoguang, Yang and others},
  journal={Computer and Communications},
  volume={25},
  number={2},
  pages={79},
  year={2007}
}

@article{polson2017deep,
  title={Deep learning for short-term traffic flow prediction},
  author={Polson, Nicholas G and Sokolov, Vadim O},
  journal={Transportation Research Part C: Emerging Technologies},
  volume={79},
  pages={1--17},
  year={2017},
  publisher={Elsevier}
}

@inproceedings{nam2017model,
  title={A Model Based on Deep Learning for Predicting Travel Mode Choice},
  author={Nam, Daisik and Kim, Hyunmyung and Cho, Jaewoo and Jayakrishnan, R},
  booktitle={Proceedings of the Transportation Research Board 96th Annual Meeting Transportation Research Board, Washington, DC, USA},
  pages={8--12},
  year={2017}
}

@article{yu2006estimation,
  title={Estimation a Transit Route OD Matrix Using On/Off Data: An Application of Modified BP Artificial Neural Network [J]},
  author={YU, Jie and YANG, Xiao-guang},
  journal={Systems Engineering},
  volume={4},
  pages={018},
  year={2006}
}

@article{zhao2007estimating,
  title={Estimating a Rail Passenger Trip Origin-Destination Matrix Using Automatic Data Collection Systems},
  author={Zhao, Jinhua and Rahbee, Adam and Wilson, Nigel HM},
  journal={Computer-Aided Civil and Infrastructure Engineering},
  volume={22},
  number={5},
  pages={376--387},
  year={2007},
  publisher={Wiley Online Library}
}

@phdthesis{cui2006bus,
  title={Bus passenger origin-destination matrix estimation using automated data collection systems},
  author={Cui, Alex},
  year={2006},
  school={Massachusetts Institute of Technology}
}

@article{trepanier2007individual,
  title={Individual trip destination estimation in a transit smart card automated fare collection system},
  author={Tr{\'e}panier, Martin and Tranchant, Nicolas and Chapleau, Robert},
  journal={Journal of Intelligent Transportation Systems},
  volume={11},
  number={1},
  pages={1--14},
  year={2007},
  publisher={Taylor \& Francis}
}


@article{amaya2017estimating,
  title={Estimating the residence zone of frequent public transport users to make travel pattern and time use analysis},
  author={Amaya, Margarita and Cruzat, Ram{\'o}n and Munizaga, Marcela A},
  journal={Journal of Transport Geography},
  year={2017},
  publisher={Elsevier}
}

@inproceedings{nunez2015calculo,
  title={C{\'a}lculo de indicadores de calidad de servicio del sistema de transporte p{\'u}blico de Santiago a partir de datos pasivos},
  author={N{\'u}{\~n}ez, C{\'e}sar and Munizaga, Marcela and Gschwender, Antonio and Transantiago, Coordinaci{\'o}n},
  booktitle={CONGRESO CHILENO DE INGENIER{\'I}A DE TRANSPORTE. Anales. Dispon{\'\i}vel em:< http://www. sochitran. cl/wp-content/uploads/Acta-2013-10-06. pdf},
  year={2015}
}

@article{gschwender2016using,
  title={Using smart card and GPS data for policy and planning: The case of Transantiago},
  author={Gschwender, Antonio and Munizaga, Marcela and Simonetti, Carolina},
  journal={Research in Transportation Economics},
  volume={59},
  pages={242--249},
  year={2016},
  publisher={Elsevier}
}

@techreport{chapleau2011synthesizing,
  title={Synthesizing AFC, APC, GPS and GIS data to generate performance and travel demand indicators for public transit},
  author={Chapleau, Robert and Chu, Ka Kee Alfred and Allard, Bruno},
  year={2011}
}

@inproceedings{nassir2015behavioural,
  title={Behavioural findings from observed transit route choice strategies in the farecard data of Brisbane},
  author={Nassir, Neema and Hickman, Mark and Ma, Zhen-Liang},
  booktitle={Proceedings of Australasian Transport Research Forum (ATRF), 37th, 2015, Sydney, New South Wales, Australia},
  year={2015}
}

@article{nassir2018strategy,
  title={A strategy-based recursive path choice model for public transit smart card data},
  author={Nassir, Neema and Hickman, Mark and Ma, Zhen-Liang},
  journal={Transportation Research Part B: Methodological},
  year={2018},
  publisher={Elsevier}
}

@phdthesis{rui2016modeling,
  title={Modeling route choice behaviour in public transport network},
  author={Rui, Tan},
  year={2016},
  school={National University of Singapore (Singapore)}
}

@article{long2015combining,
  title={Combining smart card data and household travel survey to analyze jobs--housing relationships in Beijing},
  author={Long, Ying and Thill, Jean-Claude},
  journal={Computers, Environment and Urban Systems},
  volume={53},
  pages={19--35},
  year={2015},
  publisher={Elsevier}
}

@article{lee2014trip,
  title={Trip purpose inference using automated fare collection data},
  author={Lee, Sang Gu and Hickman, Mark},
  journal={Public Transport},
  volume={6},
  number={1-2},
  pages={1--20},
  year={2014},
  publisher={Springer}
}

@article{olivares2018estimacion,
  title={Estimaci{\'o}n de la migraci{\'o}n de usuarios del transporte p{\'u}blico utilizando datos pasivos},
  author={Leng, Camilo and Munizaga, Marcela},
  journal={Ingenier{\'\i}a de Transporte},
  volume={20},
  number={2},
  year={2018}
}

@article{trepanier2009calculation,
  title={Calculation of transit performance measures using smartcard data},
  author={Tr{\'e}panier, Martin and Morency, Catherine and Agard, Bruno},
  journal={Journal of Public Transportation},
  volume={12},
  number={1},
  pages={5},
  year={2009}
}

@article{frumin2013automatic,
  title={Automatic Data for Applied Railway Management: Case Study on the London Overground},
  author={Frumin, Michael and Zhao, Jinhua and Wilson, Nigel and Zhao, Zhan},
  journal={Transportation Research Record: Journal of the Transportation Research Board},
  number={2353},
  pages={47--56},
  year={2013},
  publisher={Transportation Research Board of the National Academies}
}

@article{sun2014models,
  title={Models of bus boarding and alighting dynamics},
  author={Sun, Lijun and Tirachini, Alejandro and Axhausen, Kay W and Erath, Alexander and Lee, Der-Horng},
  journal={Transportation Research Part A: Policy and Practice},
  volume={69},
  pages={447--460},
  year={2014},
  publisher={Elsevier}
}

@article{othman2014simulating,
  title={Simulating congestion dynamics of train rapid transit using smart card data},
  author={Othman, Nasri Bin and Legara, Erika Fille and Selvam, Vicknesh and Monterola, Christopher},
  journal={Procedia Computer Science},
  volume={29},
  pages={1610--1620},
  year={2014},
  publisher={Elsevier}
}

@inproceedings{chen2011short,
  title={Short-term forecasting of transit route od matrix with smart card data},
  author={Chen, Xumei and Guo, Shuxia and Yu, Lei and Hellinga, Bruce},
  booktitle={Intelligent Transportation Systems (ITSC), 2011 14th International IEEE Conference on},
  pages={1513--1518},
  year={2011},
  organization={IEEE}
}

@article{zhong2014detecting,
  title={Detecting the dynamics of urban structure through spatial network analysis},
  author={Zhong, Chen and Arisona, Stefan M{\"u}ller and Huang, Xianfeng and Batty, Michael and Schmitt, Gerhard},
  journal={International Journal of Geographical Information Science},
  volume={28},
  number={11},
  pages={2178--2199},
  year={2014},
  publisher={Taylor \& Francis}
}

@inproceedings{agard2013assessing,
  title={Assessing public transport travel behaviour from smart card data with advanced data mining techniques},
  author={Agard, Bruno and Partovi Nia, V and Tr{\'e}panier, Martin},
  booktitle={World Conference on Transport Research},
  volume={13},
  pages={15--18},
  year={2013}
}

@article{zhong2016variability,
  title={Variability in regularity: Mining temporal mobility patterns in london, singapore and beijing using smart-card data},
  author={Zhong, Chen and Batty, Michael and Manley, Ed and Wang, Jiaqiu and Wang, Zijia and Chen, Feng and Schmitt, Gerhard},
  journal={PloS one},
  volume={11},
  number={2},
  pages={e0149222},
  year={2016},
  publisher={Public Library of Science}
}

@article{janovsikova2014estimation,
  title={Estimation of a route choice model for urban public transport using smart card data},
  author={J{\'a}no{\v{s}}{\'\i}kov{\'a}, L'udmila and Slav{\'\i}k, Ji{\v{r}}{\'\i} and Koh{\'a}ni, Michal},
  journal={Transportation planning and technology},
  volume={37},
  number={7},
  pages={638--648},
  year={2014},
  publisher={Taylor \& Francis}
}

@article{grison2017users,
  title={How do users choose their routes in public transport? The effect of individual profile and contextual factors},
  author={Grison, Elise and Burkhardt, Jean-Marie and Gyselinck, Val{\'e}rie},
  journal={Transportation Research Part F: Traffic Psychology and Behaviour},
  volume={51},
  pages={24--37},
  year={2017},
  publisher={Elsevier}
}

@article{tang2017exploratory,
  title={An exploratory study of instance-based learning for route choice with random travel times},
  author={Tang, Yue and Gao, Song and Ben-Elia, Eran},
  journal={Journal of choice modelling},
  volume={24},
  pages={22--35},
  year={2017},
  publisher={Elsevier}
}

@article{nguyen1998implicit,
  title={Implicit enumeration of hyperpaths in a logit model for transit networks},
  author={Nguyen, Sang and Pallottino, Stefano and Gendreau, Michel},
  journal={Transportation Science},
  volume={32},
  number={1},
  pages={54--64},
  year={1998},
  publisher={INFORMS}
}

@article{spiess1989optimal,
  title={Optimal strategies: a new assignment model for transit networks},
  author={Spiess, Heinz and Florian, Michael},
  journal={Transportation Research Part B: Methodological},
  volume={23},
  number={2},
  pages={83--102},
  year={1989},
  publisher={Elsevier}
}

@article{bovy2009modelling,
  title={On modelling route choice sets in transportation networks: a synthesis},
  author={Bovy, Piet HL},
  journal={Transport reviews},
  volume={29},
  number={1},
  pages={43--68},
  year={2009},
  publisher={Taylor \& Francis}
}

@article{khattak1996modeling,
  title={Modeling revealed and stated pretrip travel response to advanced traveler information systems},
  author={Khattak, Asad and Polydoropoulou, Amalia and Ben-Akiva, Moshe},
  journal={Transportation Research Record: Journal of the Transportation Research Board},
  number={1537},
  pages={46--54},
  year={1996},
  publisher={Transportation Research Board of the National Academies}
}

@article{dell2011quality,
  title={The quality of service desired by public transport users},
  author={Dell’Olio, Luigi and Ibeas, Angel and Cecin, Patricia},
  journal={Transport Policy},
  volume={18},
  number={1},
  pages={217--227},
  year={2011},
  publisher={Elsevier}
}

@article{raveau2011topological,
  title={A topological route choice model for metro},
  author={Raveau, Sebasti{\'a}n and Mu{\~n}oz, Juan Carlos and De Grange, Louis},
  journal={Transportation Research Part A: Policy and Practice},
  volume={45},
  number={2},
  pages={138--147},
  year={2011},
  publisher={Elsevier}
}

@article{kim2019calibration,
  title={Calibration of a transit route choice model using revealed population data of smartcard in a multimodal transit network},
  author={Kim, Ikki and Kim, Hyoung-Chul and Seo, Dong-Jeong and Kim, Jung In},
  journal={Transportation},
  volume={47},
  number={5},
  pages={2179--2202},
  year={2020},
  publisher={Springer}
}

@article{eluru2012travel,
  title={Travel mode choice and transit route choice behavior in Montreal: insights from McGill University members commute patterns},
  author={Eluru, Naveen and Chakour, Vincent and El-Geneidy, Ahmed M},
  journal={Public Transport},
  volume={4},
  number={2},
  pages={129--149},
  year={2012},
  publisher={Springer}
}

@article{anderson2017multimodal,
  title={Multimodal route choice models of public transport passengers in the Greater Copenhagen Area},
  author={Anderson, Marie Karen and Nielsen, Otto Anker and Prato, Carlo Giacomo},
  journal={EURO Journal on Transportation and Logistics},
  volume={6},
  number={3},
  pages={221--245},
  year={2017},
  publisher={Elsevier}
}

@article{vrtic2002impact,
  title={The impact of tilting trains in Switzerland: A route choice model of regional-and long distance public transport trips},
  author={Vrtic, Milenko and Axhausen, Kay W},
  journal={Arbeitsberichte Verkehrs-und Raumplanung},
  volume={128},
  year={2002},
  publisher={ETH Zurich}
}

@article{guo2011assessing,
  title={Assessing the cost of transfer inconvenience in public transport systems: A case study of the London Underground},
  author={Guo, Zhan and Wilson, Nigel HM},
  journal={Transportation Research Part A: Policy and Practice},
  volume={45},
  number={2},
  pages={91--104},
  year={2011},
  publisher={Elsevier}
}

@article{hoogendoorn2004multimodal,
  title={Multimodal choice set composition: Analysis of reported and generated choice sets},
  author={Hoogendoorn-Lanser, Sascha and Van Nes, Rob},
  journal={Transportation research record},
  volume={1898},
  number={1},
  pages={79--86},
  year={2004},
  publisher={SAGE Publications Sage CA: Los Angeles, CA}
}

@article{yap2020crowding,
  title={Crowding valuation in urban tram and bus transportation based on smart card data},
  author={Yap, Menno and Cats, Oded and van Arem, Bart},
  journal={Transportmetrica A: Transport Science},
  volume={16},
  number={1},
  pages={23--42},
  year={2020},
  publisher={Taylor \& Francis}
}

@article{yap2018improving,
  title={Improving predictions of public transport usage during disturbances based on smart card data},
  author={Yap, M. and Nij{\"e}nstein, S. and van Oort, Niels},
  journal={Transport Policy},
  volume={61},
  pages={84--95},
  year={2018},
  publisher={Elsevier}
}

@article{wang2011bus,
  title={Bus passenger origin-destination estimation and related analyses using automated data collection systems},
  author={Wang, Wei and Attanucci, John P and Wilson, Nigel HM},
  journal={Journal of Public Transportation},
  volume={14},
  number={4},
  pages={7},
  year={2011}
}

@article{nassir2011transit,
  title={Transit stop-level origin--destination estimation through use of transit schedule and automated data collection system},
  author={Nassir, Neema and Khani, Alireza and Lee, Sang Gu and Noh, Hyunsoo and Hickman, Mark},
  journal={Transportation research record},
  volume={2263},
  number={1},
  pages={140--150},
  year={2011},
  publisher={SAGE Publications Sage CA: Los Angeles, CA}
}

@article{alsger2016validating,
  title={Validating and improving public transport origin--destination estimation algorithm using smart card fare data},
  author={Alsger, Azalden and Assemi, Behrang and Mesbah, Mahmoud and Ferreira, Luis},
  journal={Transportation Research Part C: Emerging Technologies},
  volume={68},
  pages={490--506},
  year={2016},
  publisher={Elsevier}
}

@article{guo2011modelling,
  title={Modelling waiting time for passengers transferring from rail to buses},
  author={Guo, S. and Yu, Lei and Chen, Xumei and Zhang, Yu},
  journal={Transportation Planning and Technology},
  volume={34},
  number={8},
  pages={795--809},
  year={2011},
  publisher={Taylor \& Francis}
}

@article{ingvardson2018passenger,
  title={Passenger arrival and waiting time distributions dependent on train service frequency and station characteristics: A smart card data analysis},
  author={Ingvardson, Jesper Bl{\'a}foss and Nielsen, Otto Anker and Raveau, Sebasti{\'a}n and Nielsen, Bo Friis},
  journal={Transportation Research Part C: Emerging Technologies},
  volume={90},
  pages={292--306},
  year={2018},
  publisher={Elsevier}
}

@techreport{raveau2014analyzing,
  title={Analyzing route choice strategies on transit networks},
  author={Raveau, Sebasti{\'a}n and Mu{\~n}oz, Juan Carlos},
  year={2014}
}

@article{bliemer2008impact,
  title={Impact of route choice set on route choice probabilities},
  author={Bliemer, Michiel CJ and Bovy, Piet HL},
  journal={Transportation Research Record},
  volume={2076},
  number={1},
  pages={10--19},
  year={2008},
  publisher={SAGE Publications Sage CA: Los Angeles, CA}
}

@article{castro2013estimation,
  title={Estimation of a constrained multinomial logit model},
  author={Castro, Marisol and Mart{\'\i}nez, Francisco and Munizaga, Marcela A},
  journal={Transportation},
  volume={40},
  number={3},
  pages={563--581},
  year={2013},
  publisher={Springer}
}

@article{martinez2009constrained,
  title={The constrained multinomial logit: A semi-compensatory choice model},
  author={Mart{\'\i}nez, Francisco and Aguila, Felipe and Hurtubia, Ricardo},
  journal={Transportation Research Part B: Methodological},
  volume={43},
  number={3},
  pages={365--377},
  year={2009},
  publisher={Elsevier}
}

@article{manski1977structure,
  title={The structure of random utility models},
  author={Manski, Charles F},
  journal={Theory and decision},
  volume={8},
  number={3},
  pages={229},
  year={1977},
  publisher={Kluwer Academic Publishers}
}

@article{swait1987incorporating,
  title={Incorporating random constraints in discrete models of choice set generation},
  author={Swait, Joffre and Ben-Akiva, Moshe},
  journal={Transportation Research Part B: Methodological},
  volume={21},
  number={2},
  pages={91--102},
  year={1987},
  publisher={Elsevier}
}

@article{ben1995discrete,
  title={Discrete choice models with latent choice sets},
  author={Ben-Akiva, Moshe and Boccara, Bruno},
  journal={International journal of Research in Marketing},
  volume={12},
  number={1},
  pages={9--24},
  year={1995},
  publisher={Elsevier}
}

@article{brown1992consideration,
  title={Consideration set measurement},
  author={Brown, Juanita J and Wildt, Albert R},
  journal={Journal of the Academy of Marketing Science},
  volume={20},
  number={3},
  pages={235--243},
  year={1992},
  publisher={Springer}
}

@article{hauser2014consideration,
  title={Consideration-set heuristics},
  author={Hauser, John R},
  journal={Journal of Business Research},
  volume={67},
  number={8},
  pages={1688--1699},
  year={2014},
  publisher={Elsevier}
}

@article{villalobos2018caracterizacion,
  title={Caracterizaci{\'o}n del conjunto de consideraci{\'o}n en elecci{\'o}n de ruta},
  author={Villalobos Zaid, Guillermo Nicol{\'a}s},
  year={2018},
  publisher={Universidad de Chile}
}

@article{guo2011mind,
  title={Mind the map! The impact of transit maps on path choice in public transit},
  author={Guo, Zhan},
  journal={Transportation Research Part A: Policy and Practice},
  volume={45},
  number={7},
  pages={625--639},
  year={2011},
  publisher={Elsevier}
}

@article{raveau2014behavioural,
  title={A behavioural comparison of route choice on metro networks: Time, transfers, crowding, topology and socio-demographics},
  author={Raveau, Sebasti{\'a}n and Guo, Zhan and Mu{\~n}oz, Juan Carlos and Wilson, Nigel HM},
  journal={Transportation Research Part A: Policy and Practice},
  volume={66},
  pages={185--195},
  year={2014},
  publisher={Elsevier}
}

@article{ton2020understanding,
  title={Understanding the role of cycling to urban transit stations through a simultaneous access mode and station choice model},
  author={Ton, Danique and Shelat, Sanmay and Nij{\"e}nstein, Sandra and Rijsman, Lotte and van Oort, Niels and Hoogendoorn, Serge},
  journal={Transportation research record},
  volume={2674},
  number={8},
  pages={823--835},
  year={2020},
  publisher={SAGE Publications Sage CA: Los Angeles, CA}
}

@inproceedings{ben1984modelling,
  title={Modelling inter urban route choice behaviour},
  author={Ben-Akiva, Moshe and Bergman, MJ and Daly, Andrew J and Ramaswamy, Rohit},
  booktitle={Papers presented during the Ninth International Symposium on Transportation and Traffic Theory held in Delft the Netherlands, 11-13 July 1984.},
  year={1984}
}

@article{bovy2005modelling,
  title={Modelling route choice behaviour in multi-modal transport networks},
  author={Bovy, Piet HL and Hoogendoorn-Lanser, Sascha},
  journal={Transportation},
  volume={32},
  number={4},
  pages={341--368},
  year={2005},
  publisher={Springer}
}

@article{de2012fixed,
  title={A fixed point route choice model for transit networks that addresses route correlation},
  author={de Grange, Louis and Raveau, Sebasti{\'a}n and Gonz{\'a}lez, Felipe},
  journal={Procedia-Social and Behavioral Sciences},
  volume={54},
  pages={1197--1204},
  year={2012},
  publisher={Elsevier}
}

@article{hoogendoorn2005path,
  title={Path size modeling in multimodal route choice analysis},
  author={Hoogendoorn-Lanser, Sascha and van Nes, Rob and Bovy, Piet},
  journal={Transportation research record},
  volume={1921},
  number={1},
  pages={27--34},
  year={2005},
  publisher={SAGE Publications Sage CA: Los Angeles, CA}
}

@article{nielsen2020relevance,
  title={Relevance of detailed transfer attributes in route choice models for public transport passengers},
  author={Nielsen, Otto Anker and Eltved, Morten and Anderson, Marie Karen and Prato, Carlo Giacomo},
  journal={Modelling passenger behaviour in mixed schedule-and frequency-based public transport systems},
  pages={83},
  year={2020}
}

@article{villalobostesis2021,
  title={Caracterización del conjunto de consideración en elección de ruta},
  author={Villalobos, N. and Guevara, C. A.},
  journal={Estudios de Transporte},
  volume={22},
  number={1},
  pages={1--26},
  year={2021}
}

@article{angelonote,
  title={A Note on “A survey of preference estimation with unobserved choice set
heterogeneity” by Gregory S. Crawford, Rachel Griffith, and Alessandro Iaria.},
  author={Guevara, C. A.},
  journal={Note},
  volume={},
  number={},
  pages={},
  year={2022},
  publisher={}
}

@article{crawford2021survey,
  title={A survey of preference estimation with unobserved choice set heterogeneity},
  author={Crawford, Gregory S and Griffith, Rachel and Iaria, Alessandro},
  journal={Journal of Econometrics},
  volume={222},
  number={1},
  pages={4--43},
  year={2021},
  publisher={Elsevier}
}

@article{mcfadden1978,
  title={Modeling the choice of residential location},
  author={D. McFadden},
  journal={Karlquist, Lundqvist, Snickers, Weibull (Eds.), Spatial Interaction Theory and Residential Location, North Holland, Amsterdam},
  volume={},
  number={1},
  pages={75--96},
  year={1978},
  publisher={}
}

@article{yap2017robust,
  title={A robust transfer inference algorithm for public transport journeys during disruptions},
  author={Yap, MD and Cats, Oded and van Oort, Niels and Hoogendoorn, SP},
  journal={Transportation research procedia},
  volume={27},
  pages={1042--1049},
  year={2017},
  publisher={Elsevier}
}

@article{malandri2018recovery,
  title={Recovery time and propagation effects of passenger transport disruptions},
  author={Malandri, Caterina and Fonzone, Achille and Cats, Oded},
  journal={Physica A: Statistical Mechanics and its Applications},
  volume={505},
  pages={7--17},
  year={2018},
  publisher={Elsevier}}
  
@article{guevara2016sampling,
  title={Sampling of alternatives in random regret minimization models},
  author={Guevara, C Angelo and Chorus, Caspar G and Ben-Akiva, Moshe E},
  journal={Transportation Science},
  volume={50},
  number={1},
  pages={306--321},
  year={2016},
  publisher={INFORMS}
}

@article{guevara2013samplingb,
  title={Sampling of alternatives in multivariate extreme value (MEV) models},
  author={Guevara, C Angelo and Ben-Akiva, Moshe E},
  journal={Transportation Research Part B: Methodological},
  volume={48},
  pages={31--52},
  year={2013},
  publisher={Elsevier}
}

@article{guevara2013samplinga,
  title={Sampling of alternatives in logit mixture models},
  author={Guevara, C Angelo and Ben-Akiva, Moshe E},
  journal={Transportation Research Part B: Methodological},
  volume={58},
  pages={185--198},
  year={2013},
  publisher={Elsevier}
}

@book{ben1985discrete,
  title={Discrete choice analysis: theory and application to travel demand},
  author={Ben-Akiva, M. and Lerman, S.},
  volume={9},
  year={1985},
  publisher={MIT press}
}

@book{ben1989lecture,
  title={Lecture Notes of Large Set of Alternatives, with a Correction of result in BAL Chapter 9},
  author={Ben-Akiva, M.},
  year={1989},
  publisher={Unpublished Manuscript, Massachusetts Institute of Technology.}
}

@article{cepeda2006frequency,
  title={A frequency-based assignment model for congested transit networks with strict capacity constraints: characterization and computation of equilibria},
  author={Cepeda, Manuel and Cominetti, Roberto and Florian, Michael},
  journal={Transportation research part B: Methodological},
  volume={40},
  number={6},
  pages={437--459},
  year={2006},
  publisher={Elsevier}
}

@article{mora2018comparative,
  title={A comparative analysis of manhattan, euclidean and network distances. Why are network distances more useful to urban professionals?},
  author={Mora-Garcia, Raul-Tomas and Marti-Ciriquian, Pablo and Perez-Sanchez, Raul and Cespedes-Lopez, M Francisca},
  journal={International Multidisciplinary Scientific GeoConference: SGEM},
  volume={18},
  number={2.2},
  pages={3--10},
  year={2018},
  publisher={Surveying Geology \& Mining Ecology Management (SGEM)}
}

@inproceedings{tien2011tdplanner,
  title={TDplanner: Public transport planning system with real-time route updates based on service delays and location tracking},
  author={Tien, Dung Nguyen and MacDonald, Tristam and Xu, Zhiyong},
  booktitle={2011 IEEE 73rd Vehicular Technology Conference (VTC Spring)},
  pages={1--5},
  year={2011},
  organization={IEEE}
}

@article{arriagada2022unveiling,
  title={Unveiling route choice strategy heterogeneity from smart card data in a large-scale public transport network},
  author={Arriagada, Jacqueline and Munizaga, Marcela A and Guevara, C Angelo and Prato, Carlo},
  journal={Transportation Research Part C: Emerging Technologies},
  volume={134},
  pages={103467},
  year={2022},
  publisher={Elsevier}
}

@article{yen1971finding,
  title={Finding the k shortest loopless paths in a network},
  author={Yen, Jin Y},
  journal={management Science},
  volume={17},
  number={11},
  pages={712--716},
  year={1971},
  publisher={Informs}
}

@article{bovy2008factor,
  title={The factor of revisited path size: Alternative derivation},
  author={Bovy, Piet HL and Bekhor, Shlomo and Prato, Carlo Giacomo},
  journal={Transportation Research Record},
  volume={2076},
  number={1},
  pages={132--140},
  year={2008},
  publisher={SAGE Publications Sage CA: Los Angeles, CA}
}

@article{bonnel2018transport,
  title={Transport survey methods-in the era of big data facing new and old challenges},
  author={Bonnel, Patrick and Munizaga, Marcela A},
  journal={Transportation Research Procedia},
  volume={32},
  pages={1--15},
  year={2018},
  publisher={Elsevier}
}

@article{namazu2018nudging,
  title={Nudging for responsible carsharing: using behavioral economics to change transportation behavior},
  author={Namazu, Michiko and Zhao, Jiaying and Dowlatabadi, Hadi},
  journal={Transportation},
  volume={45},
  number={1},
  pages={105--119},
  year={2018},
  publisher={Springer}
}

@article{rosenfield2020randomized,
  title={A randomized controlled trial in travel demand management},
  author={Rosenfield, Adam and Attanucci, John P and Zhao, Jinhua},
  journal={Transportation},
  volume={47},
  number={4},
  pages={1907--1932},
  year={2020},
  publisher={Springer}
}

@article{bhattacharyya2019nudging,
  title={Nudging people towards more sustainable residential choice decisions: an intervention based on focalism and visualization},
  author={Bhattacharyya, Abhinav and Jin, Wen and Le Floch, Caroline and Chatman, Daniel G and Walker, Joan L},
  journal={Transportation},
  volume={46},
  number={2},
  pages={373--393},
  year={2019},
  publisher={Springer}
}

@article{mondschein2015five,
  title={Five-star transportation: using online activity reviews to examine mode choice to non-work destinations},
  author={Mondschein, Andrew},
  journal={Transportation},
  volume={42},
  number={4},
  pages={707--722},
  year={2015},
  publisher={Springer}
}

@article{hong2020evaluation,
  title={The evaluation of large cycling infrastructure investments in Glasgow using crowdsourced cycle data},
  author={Hong, Jinhyun and McArthur, David Philip and Livingston, Mark},
  journal={Transportation},
  volume={47},
  number={6},
  pages={2859--2872},
  year={2020},
  publisher={Springer}
}

@article{eboli2007service,
  title={Service quality attributes affecting customer satisfaction for bus transit},
  author={Eboli, Laura and Mazzulla, Gabriella},
  journal={Journal of public transportation},
  volume={10},
  number={3},
  pages={2},
  year={2007}
}

@article{marcucci2018gamification,
  title={Gamification design to foster stakeholder engagement and behavior change: An application to urban freight transport},
  author={Marcucci, Edoardo and Gatta, Valerio and Le Pira, Michela},
  journal={Transportation Research Part A: Policy and Practice},
  volume={118},
  pages={119--132},
  year={2018},
  publisher={Elsevier}
}

@inproceedings{hamari2014does,
  title={Does gamification work?--a literature review of empirical studies on gamification},
  author={Hamari, Juho and Koivisto, Jonna and Sarsa, Harri},
  booktitle={2014 47th Hawaii international conference on system sciences},
  pages={3025--3034},
  year={2014},
  organization={Ieee}
}

@article{steinfeld2011mobile,
  title={Mobile transit information from universal design and crowdsourcing},
  author={Steinfeld, Aaron and Zimmerman, John and Tomasic, Anthony and Yoo, Daisy and Aziz, Rafae Dar},
  journal={Transportation research record},
  volume={2217},
  number={1},
  pages={95--102},
  year={2011},
  publisher={SAGE Publications Sage CA: Los Angeles, CA}
}

@inproceedings{nandan2014challenges,
  title={Challenges in crowdsourcing real-time information for public transportation},
  author={Nandan, Naveen and Pursche, Andreas and Zhe, Xing},
  booktitle={2014 IEEE 15th international conference on mobile data management},
  volume={2},
  pages={67--72},
  year={2014},
  organization={IEEE}
}

@article{filippi2013user,
  title={User empowerment and advanced public transport solutions},
  author={Filippi, Francesco and Fusco, Gaetano and Nanni, Umberto},
  journal={Procedia-Social and Behavioral Sciences},
  volume={87},
  pages={3--17},
  year={2013},
  publisher={Elsevier}
}

@inproceedings{lau2011participatory,
  title={Participatory cyber physical system in public transport application},
  author={Lau, John Kah Soon and Tham, Chen-Khong and Luo, Tie},
  booktitle={2011 Fourth IEEE International Conference on Utility and Cloud Computing},
  pages={355--360},
  year={2011},
  organization={IEEE}
}
@inproceedings{zhou2012long,
  title={How long to wait? Predicting bus arrival time with mobile phone based participatory sensing},
  author={Zhou, Pengfei and Zheng, Yuanqing and Li, Mo},
  booktitle={Proceedings of the 10th international conference on Mobile systems, applications, and services},
  pages={379--392},
  year={2012}
}




@article{faber2016crowdsourcing,
  title={Crowdsourcing and crowdinnovation},
  author={Faber, Anne and Matthes, Florian},
  journal={Digital Mobility Platforms and Ecosystems},
  pages={36--48},
  year={2016},
  publisher={TUM}
}

@article{ling2005using,
  title={Using social psychology to motivate contributions to online communities},
  author={Ling, Kimberly and Beenen, Gerard and Ludford, Pamela and Wang, Xiaoqing and Chang, Klarissa and Li, Xin and Cosley, Dan and Frankowski, Dan and Terveen, Loren and Rashid, Al Mamunur and others},
  journal={Journal of Computer-Mediated Communication},
  volume={10},
  number={4},
  pages={00--00},
  year={2005},
  publisher={Wiley Online Library}
}

@inproceedings{zimmerman2011field,
  title={Field trial of tiramisu: crowd-sourcing bus arrival times to spur co-design},
  author={Zimmerman, John and Tomasic, Anthony and Garrod, Charles and Yoo, Daisy and Hiruncharoenvate, Chaya and Aziz, Rafae and Thiruvengadam, Nikhil Ravi and Huang, Yun and Steinfeld, Aaron},
  booktitle={Proceedings of the SIGCHI Conference on Human Factors in Computing Systems},
  pages={1677--1686},
  year={2011}}
 
@article{heyman2004effort,
  title={Effort for payment: A tale of two markets},
  author={Heyman, James and Ariely, Dan},
  journal={Psychological science},
  volume={15},
  number={11},
  pages={787--793},
  year={2004},
  publisher={SAGE Publications Sage CA: Los Angeles, CA}
  }

 @inproceedings{What2017Information,
  title={What Information can be obtained from a Public Transport App?},
  author={Jacqueline Arriagada and Marcela Munizaga},
  booktitle={11th International Conference on Transport Survey Methods: In the Era of Big Data: Facing the Challenges, Esterel, Canada},
  year={2017}
}


@book{nisbett1980human,
	title = {Human Inference: Strategies and Shortcomings of Social Judgment},
	year = {1980},
	publisher = {Prentice-Hall},
	author = {Richard E. Nisbett and Lee Ross}
}
  
  @inproceedings{tomasic2014motivating,
  title={Motivating contribution in a participatory sensing system via quid-pro-quo},
  author={Tomasic, Anthony and Zimmerman, John and Steinfeld, Aaron and Huang, Yun},
  booktitle={Proceedings of the 17th ACM conference on Computer supported cooperative work \& social computing},
  pages={979--988},
  year={2014}}
  
  @article{bricka2018workshop,
  title={Workshop Synthesis: Increasing survey participation levels without changing travel behavior},
  author={Bricka, Stacey G and Greaves, Stephen P},
  journal={Transportation Research Procedia},
  volume={32},
  pages={195--199},
  year={2018},
  publisher={Elsevier}}
  
  @misc{castellanos2016delivering,
  title={Delivering modal-shift incentives by using gamification and smartphones: A field study example in Bogota, Colombia. Case Studies on Transport Policy, 4, 269--278},
  author={Castellanos, S},
  year={2016}
}

@article{yen2019gamification,
  title={Gamification in transport interventions: Another way to improve travel behavioural change},
  author={Yen, Barbara TH and Mulley, Corinne and Burke, Matthew},
  journal={Cities},
  volume={85},
  pages={140--149},
  year={2019},
  publisher={Elsevier}
}

@article{johannessen2016smart,
  title={Smart cities through implicit participation: Using gamification to generate citizen input for public transport planning},
  author={Johannessen, Marius Rohde and Berntzen, Lasse},
  journal={Electronic Government and Electronic Participation},
  year={2016},
  publisher={IOS Press Ebooks}
}

@misc{nielsen200690,
  title={The 90-9-1 rule for participation inequality in social media and online communities},
  author={Nielsen, Jakob},
  year={2006},
  url = {https://www.nngroup.com/articles/participation-inequality/},
  urldate = {2021-10-18}
}

@article{markovits2013implications,
  title={Implications of behavioural economics for the transport sector},
  author={Markovits-Somogyi, Rita and Acz{\'e}l, Bal{\'a}zs},
  journal={Periodica Polytechnica Transportation Engineering},
  volume={41},
  number={1},
  pages={65--69},
  year={2013}
}

@article{burke2006participatory,
  title={Participatory sensing},
  author={Burke, Jeffrey A and Estrin, Deborah and Hansen, Mark and Parker, Andrew and Ramanathan, Nithya and Reddy, Sasank and Srivastava, Mani B},
  year={2006}
}

@book{thaler2009nudge,
  title={Nudge: Improving decisions about health, wealth, and happiness},
  author={Thaler, Richard H and Sunstein, Cass R},
  year={2009},
  publisher={Penguin}
}

@article{schwartz2019opting,
title = {Opting-in to prosocial incentives},
journal = {Organizational Behavior and Human Decision Processes},
volume = {163},
pages = {132-141},
year = {2021},
author = {Daniel Schwartz and Elizabeth A. Keenan and Alex Imas and Ayelet Gneezy}
}

@article{benabou2006incentives,
  title={Incentives and prosocial behavior},
  author={B{\'e}nabou, Roland and Tirole, Jean},
  journal={American economic review},
  volume={96},
  number={5},
  pages={1652--1678},
  year={2006}
}

@article{lacetera2012will,
  title={Will there be blood? Incentives and displacement effects in pro-social behavior},
  author={Lacetera, Nicola and Macis, Mario and Slonim, Robert},
  journal={American Economic Journal: Economic Policy},
  volume={4},
  number={1},
  pages={186--223},
  year={2012}
}

@article{schwartz2015advertising,
  title={Advertising energy saving programs: The potential environmental cost of emphasizing monetary savings.},
  author={Schwartz, Daniel and Bruine de Bruin, W{\"a}ndi and Fischhoff, Baruch and Lave, Lester},
  journal={Journal of Experimental Psychology: Applied},
  volume={21},
  number={2},
  pages={158},
  year={2015},
  publisher={American Psychological Association}
}

@article{lacetera2014rewarding,
  title={Rewarding volunteers: A field experiment},
  author={Lacetera, Nicola and Macis, Mario and Slonim, Robert},
  journal={Management Science},
  volume={60},
  number={5},
  pages={1107--1129},
  year={2014},
  publisher={INFORMS}
}

@article{niessen2014pay,
  title={To pay or not to pay? Evidence from whole blood donations in Germany},
  author={Niessen-Ruenzi, Alexandra and Weber, Martin and Becker, David M},
  journal={Working paper},
  year={2014}
}

@article{schwartz2020encouraging,
  title={Encouraging pro-environmental behaviour through green identity labelling},
  author={Schwartz, Daniel and Loewenstein, George and Ag{\"u}ero-Gaete, Loreto},
  journal={Nature Sustainability},
  pages={1--7},
  year={2020},
  publisher={Nature Publishing Group}
}

@article{schwartz2020non,
  title = {Are non-contingent incentives more effective in motivating new behavior? Evidence from the field},
journal = {Games and Economic Behavior},
volume = {130},
pages = {602-615},
year = {2021},
author = {Angélica Córdova and Alex Imas and Daniel Schwartz}
}

@incollection{schwartz2019interplay,
  title={The interplay between intrinsic motivation, financial incentives and nudges in sustainable consumption},
  author={Schwartz, Daniel and Milfont, Taciano L and Hilton, Denis},
  booktitle={A Research Agenda for Economic Psychology},
  year={2019},
  publisher={Edward Elgar Publishing}
}

@article{frey2001motivation,
  title={Motivation crowding theory},
  author={Frey, Bruno S and Jegen, Reto},
  journal={Journal of economic surveys},
  volume={15},
  number={5},
  pages={589--611},
  year={2001},
  publisher={Wiley Online Library}
}

@article{gneezy2000pay,
  title={Pay enough or don't pay at all},
  author={Gneezy, Uri and Rustichini, Aldo},
  journal={The Quarterly journal of economics},
  volume={115},
  number={3},
  pages={791--810},
  year={2000},
  publisher={MIT Press}
}

@techreport{dellavigna2020rcts,
  title={RCTs to Scale: Comprehensive Evidence from Two Nudge Units},
  author={DellaVigna, Stefano and Linos, Elizabeth},
  year={2020},
  institution={Working Paper, UC Berkeley}
}

@article{organisation2017behavioural,
  title={Behavioural Insights and Public Policy: Lessons from Around the World},
  author={Organisation for Economic Co-operation and Development (OECD)},
  year={2017},
  publisher={OECD Paris}
}

@article{weitzenkorn_2013,
    title={Google to Buy Social Mapping Startup Waze},
    url={https://www.nbcnews.com/id/wbna52207395},
    journal={NBC News},
    author={Ben Weitzenkorn},
    year={2013},
    month={Jun}
}

@article{Rubin1974,
author = {Rubin, DB},
journal = {Journal of educational Psychology},
mendeley-groups = {BE JDM topics/Price-reference},
number = {5},
pages = {688--701},
title = {{Estimating causal effects of treatments in randomized and nonrandomized studies.}},
url = {http://psycnet.apa.org/journals/edu/66/5/688/},
volume = {66},
year = {1974}
}


@article{frey1997cost,
  title={The cost of price incentives: An empirical analysis of motivation crowding-out},
  author={Frey, Bruno S and Oberholzer-Gee, Felix},
  journal={The American economic review},
  volume={87},
  number={4},
  pages={746--755},
  year={1997},
  publisher={JSTOR}
}

@article{schwartz2013hawthorne,
  title={The Hawthorne effect and energy awareness},
  author={Schwartz, Daniel and Fischhoff, Baruch and Krishnamurti, Tamar and Sowell, Fallaw},
  journal={Proceedings of the National Academy of Sciences},
  volume={110},
  number={38},
  pages={15242--15246},
  year={2013},
  publisher={National Acad Sciences}
}

@article{schultz2007constructive,
  title={The constructive, destructive, and reconstructive power of social norms},
  author={Schultz, P Wesley and Nolan, Jessica M and Cialdini, Robert B and Goldstein, Noah J and Griskevicius, Vladas},
  journal={Psychological science},
  volume={18},
  number={5},
  pages={429--434},
  year={2007},
  publisher={SAGE Publications Sage CA: Los Angeles, CA}
}

@inproceedings{zhang2016privacy,
  title={Privacy nudges for mobile applications: effects on the creepiness emotion and privacy attitudes},
  author={Zhang, Bo and Xu, Heng},
  booktitle={Proceedings of the 19th ACM conference on computer-supported cooperative work \& social computing},
  pages={1676--1690},
  year={2016}
}

@article{acquisti2017nudges,
  title={Nudges for privacy and security: Understanding and assisting users’ choices online},
  author={Acquisti, Alessandro and Adjerid, Idris and Balebako, Rebecca and Brandimarte, Laura and Cranor, Lorrie Faith and Komanduri, Saranga and Leon, Pedro Giovanni and Sadeh, Norman and Schaub, Florian and Sleeper, Manya and others},
  journal={ACM Computing Surveys (CSUR)},
  volume={50},
  number={3},
  pages={1--41},
  year={2017},
  publisher={ACM New York, NY, USA}
}

@article{tsai2011effect,
  title={The effect of online privacy information on purchasing behavior: An experimental study},
  author={Tsai, Janice Y and Egelman, Serge and Cranor, Lorrie and Acquisti, Alessandro},
  journal={Information systems research},
  volume={22},
  number={2},
  pages={254--268},
  year={2011},
  publisher={Informs}
}

@article{angrist2002vouchers,
  title={Vouchers for private schooling in Colombia: Evidence from a randomized natural experiment},
  author={Angrist, Joshua and Bettinger, Eric and Bloom, Erik and King, Elizabeth and Kremer, Michael},
  journal={American economic review},
  volume={92},
  number={5},
  pages={1535--1558},
  year={2002}
}

@article{behrman2005progressing,
  title={Progressing through PROGRESA: An impact assessment of a school subsidy experiment in rural Mexico},
  author={Behrman, Jere R and Sengupta, Piyali and Todd, Petra},
  journal={Economic development and cultural change},
  volume={54},
  number={1},
  pages={237--275},
  year={2005},
  publisher={The University of Chicago Press}
}


@article{bamberg2001theory,
  title={Theory-Driven Subgroup-Specific Evaluation of an Intervention to Reduce Private Car Use 1},
  author={Bamberg, Sebastian and Schmidt, Peter},
  journal={Journal of Applied Social Psychology},
  volume={31},
  number={6},
  pages={1300--1329},
  year={2001},
  publisher={Wiley Online Library}
}

@inproceedings{marinelli2002travelsmart,
  title={Travelsmart suburbs Brisbane--a successful pilot of a voluntary travel behaviour change technique},
  author={Marinelli, Paolo and Roth, Michael},
  booktitle={Australasian Transport Research Forum},
  volume={25},
  year={2002}
}

@article{rissel2010effectiveness,
  title={The effectiveness of community-based cycling promotion: findings from the Cycling Connecting Communities project in Sydney, Australia},
  author={Rissel, Chris E and New, Carolyn and Wen, Li Ming and Merom, Dafna and Bauman, Adrian E and Garrard, Jan},
  journal={International journal of behavioral nutrition and physical activity},
  volume={7},
  number={1},
  pages={1--11},
  year={2010},
  publisher={Springer}
}

@article{charness2009incentives,
  title={Incentives to exercise},
  author={Charness, Gary and Gneezy, Uri},
  journal={Econometrica},
  volume={77},
  number={3},
  pages={909--931},
  year={2009},
  publisher={Wiley Online Library}
}

@article{rose2001travel,
  title={Travel blending: an Australian travel awareness initiative},
  author={Rose, Geoffrey and Ampt, Elizabeth},
  journal={Transportation Research Part D: Transport and Environment},
  volume={6},
  number={2},
  pages={95--110},
  year={2001},
  publisher={Elsevier}
}

@article{waygood2012role,
  title={Applying valence framing to enhance the effect of information on transport-related carbon dioxide emissions},
  author={Avineri, Erel and Waygood, E Owen D},
  journal={Transportation research part A: policy and practice},
  volume={48},
  pages={31--38},
  year={2013},
  publisher={Elsevier}
}

@article{jakobsson2002effects,
  title={Effects of economic disincentives on private car use},
  author={Jakobsson, Cecilia and Fujii, Satoshi and G{\"a}rling, Tommy},
  journal={Transportation},
  volume={29},
  number={4},
  pages={349--370},
  year={2002},
  publisher={Springer}
}

@article{zumkeller2011deutsches,
  title={Deutsches Mobilit{\"a}tspanel (MOP)--wissenschaftliche Begleitung und erste Auswertungen},
  author={Zumkeller, Dirk and Chlond, Bastian and Ottmann, P and Kagerbauer, M and Kuhnimhof, T},
  journal={Kurzbericht. Karlsruhe: Institut f{\"u}r Verkehrswesen, Universit{\"a}t Karlsruhe},
  year={2011}
}

@article{laurie2009use,
  title={The use of respondent incentives on longitudinal surveys},
  author={Laurie, Heather and Lynn, Peter},
  journal={Methodology of longitudinal surveys},
  pages={205--233},
  year={2009},
  publisher={Wiley New York}
}

@article{scheepers2018state,
  title={State-of-the-art of incentive strategies--Implications for longitudinal travel surveys},
  author={Scheepers, Eline and Hoogendoorn-Lanser, Sascha},
  journal={Transportation Research Procedia},
  volume={32},
  pages={200--210},
  year={2018},
  publisher={Elsevier}
}

@article{hoogendoorn2015netherlands,
  title={The Netherlands Mobility Panel: An innovative design approach for web-based longitudinal travel data collection},
  author={Hoogendoorn-Lanser, Sascha and Schaap, Nina TW and OldeKalter, Marie-Jos{\'e}},
  journal={Transportation Research Procedia},
  volume={11},
  pages={311--329},
  year={2015},
  publisher={Elsevier}
}

@article{gneezy2011and,
  title={When and why incentives (don't) work to modify behavior},
  author={Gneezy, Uri and Meier, Stephan and Rey-Biel, Pedro},
  journal={Journal of economic perspectives},
  volume={25},
  number={4},
  pages={191--210},
  year={2011}
}

@article{thogersen2008breaking,
  title={Breaking car use habits: The effectiveness of a free one-month travelcard},
  author={Th{\o}gersen, John and M{\o}ller, Berit},
  journal={Transportation},
  volume={35},
  number={3},
  pages={329--345},
  year={2008},
  publisher={Springer}
}

@misc{torres2016,
  title={Why Do So Few Women Edit Wikipedia?},
  author={Torres, Nicole},
  year={2016},
  url = {https://hbr.org/2016/06/why-do-so-few-women-edit-wikipedia},
  urldate = {2021-10-18}
}

@misc{NationMaster2019,
  title={Sixty percent of shoppers are influenced by online reviews},
  author={NationMaster},
  year={2019},
  url = {https://www.nationmaster.com/blog/sixty-percent-of-people-are-influenced-by-online-reviews-before-making-a-purchase/},
  urldate = {2021-10-18}
}

@article{andreoni1990impure,
  title={Impure altruism and donations to public goods: A theory of warm-glow giving},
  author={Andreoni, James},
  journal={The economic journal},
  volume={100},
  number={401},
  pages={464--477},
  year={1990},
  publisher={JSTOR}
}

@article{andreoni1993experimental,
  title={An experimental test of the public-goods crowding-out hypothesis},
  author={Andreoni, James},
  journal={The American economic review},
  pages={1317--1327},
  year={1993},
  publisher={JSTOR}
}

@article{andreoni2002giving,
  title={Giving according to GARP: An experimental test of the consistency of preferences for altruism},
  author={Andreoni, James and Miller, John},
  journal={Econometrica},
  volume={70},
  number={2},
  pages={737--753},
  year={2002},
  publisher={JSTOR}
}

@article{hilton2014tax,
  title={A tax can nudge: The impact of an environmentally motivated bonus/malus fiscal system on transport preferences},
  author={Hilton, Denis and Charalambides, Laetitia and Demarque, Christophe and Waroquier, Laurent and Raux, Charles},
  journal={Journal of Economic Psychology},
  volume={42},
  pages={17--27},
  year={2014},
  publisher={Elsevier}
}

@article{nov2007motivates,
  title={What motivates wikipedians?},
  author={Nov, Oded},
  journal={Communications of the ACM},
  volume={50},
  number={11},
  pages={60--64},
  year={2007},
  publisher={ACM New York, NY, USA}
}

@article{waygood2016communicating,
  title={Communicating transportation carbon dioxide emissions information: does gender impact behavioral response?},
  author={Waygood, Edward Owen Douglas and Avineri, Erel},
  journal={Transportation Research Part D: Transport and Environment},
  volume={48},
  pages={187--202},
  year={2016},
  publisher={Elsevier}
}

@inproceedings{waygood2011does,
  title={Does" 500g of CO2 for a five mile trip" mean anything? Towards more effective presentation of CO2 information},
  author={Waygood, E Owen D and Avineri, Erel},
  booktitle={Proceedings of the Transportation Research Board 90th Annual Meeting},
  pages={23--27},
  year={2011}
}

@misc{subtrans2019,
  title={PRESUPUESTO SUBSECRETARÍA DE TRANSPORTES Y SUS PROGRAMAS DEPENDIENTES, SEGÚN LEY DE PRESUPUESTO 2019 N\textdegree\ 21.125},
  author={Subsecretaría de transportes, Chile},
  year={2019},
  url = {https://www.subtrans.cl/wp-content/uploads/2019/10/Arti\%CC\%81culo-29-Ley-de-Presupuesto-N\%C2\%B0-21.125.pdf},
  urldate = {2021-10-26}
}

@article{kamenica2012behavioral,
  title={Behavioral economics and psychology of incentives},
  author={Kamenica, Emir},
  journal={Annu. Rev. Econ.},
  volume={4},
  number={1},
  pages={427--452},
  year={2012},
  publisher={Annual Reviews}
}

@article{bagchi2005potential,
  title={The potential of public transport smart card data},
  author={Bagchi, Mousumi and White, Peter R},
  journal={Transport Policy},
  volume={12},
  number={5},
  pages={464--474},
  year={2005},
  publisher={Elsevier}
}

@article{munizaga2012estimation,
  title={Estimation of a disaggregate multimodal public transport Origin--Destination matrix from passive smartcard data from Santiago, Chile},
  author={Munizaga, Marcela A and Palma, Carolina},
  journal={Transportation Research Part C: Emerging Technologies},
  volume={24},
  pages={9--18},
  year={2012},
  publisher={Elsevier}
}

@article{devillaine2012detection,
  title={Detection of activities of public transport users by analyzing smart card data},
  author={Devillaine, Flavio and Munizaga, Marcela and Tr{\'e}panier, Martin},
  journal={Transportation Research Record},
  volume={2276},
  number={1},
  pages={48--55},
  year={2012},
  publisher={SAGE Publications Sage CA: Los Angeles, CA}
}

@article{ben2011rewarding,
  title={Rewarding rush-hour avoidance: A study of commuters’ travel behavior},
  author={Ben-Elia, Eran and Ettema, Dick},
  journal={Transportation Research Part A: Policy and Practice},
  volume={45},
  number={7},
  pages={567--582},
  year={2011},
  publisher={Elsevier}
}

@article{ben2011changing,
  title={Changing commuters’ behavior using rewards: A study of rush-hour avoidance},
  author={Ben-Elia, Eran and Ettema, Dick},
  journal={Transportation research part F: traffic psychology and behaviour},
  volume={14},
  number={5},
  pages={354--368},
  year={2011},
  publisher={Elsevier}
}

\end{filecontents}
